@article{oasis,
  author =       {G. Chechik and V. Sharma and U. Shalit and
                  S. Bengio},
  title =        {Large Scale Online Learning of Image Similarity
                  Through Ranking },
  journal =      {Journal of Machine Learning Research},
  pages =       {1109--1135},
  volume =      {11},
  year =         {2010},
}

@article{qian, year={2014}, journal={Machine Learning}, title={Efficient distance metric learning by adaptive sampling and mini-batch stochastic gradient descent (SGD)}, publisher={Springer US}, author={Qian, Qi and Jin, Rong and Yi, Jinfeng and Zhang, Lijun and Zhu, Shenghuo}, pages={1-20}}

@TechReport{rbr2009, author = {Wen, Zaiwen and Goldfarb, Donald and Ma, Shiqian and Scheinberg, Katya}, title = {Row by row methods for semidefinite programming}, institution = {Dept of IEOR, Columbia University}, year = {2009} }

@article{richtarik2014iteration,
  title={Iteration complexity of randomized block-coordinate descent methods for minimizing a composite function},
  author={Richt{\'a}rik, Peter and Tak{\'a}{\v{c}}, Martin},
  journal={Mathematical Programming},
  volume={144},
  number={1-2},
  pages={1--38},
  year={2014},
  publisher={Springer}
}

@article{nesterov2012efficiency,
  title={Efficiency of coordinate descent methods on huge-scale optimization problems},
  author={Nesterov, Yu},
  journal={SIAM Journal on Optimization},
  volume={22},
  number={2},
  pages={341--362},
  year={2012},
  publisher={SIAM}
}

@article{richtarik2013optimal,
  title={On optimal probabilities in stochastic coordinate descent methods},
  author={Richt{\'a}rik, Peter and Tak{\'a}{\v{c}}, Martin},
  journal={arXiv preprint arXiv:1310.3438},
  year={2013}
}